@book{tratamiento-dsp,
    title={Tratamiento digital de se√±ales},
    author={Proakis, John G. and Manolakis, Dimitris G.},
    isbn={9788483223475},
    year={2007},
    publisher={Pearson-Prentice Hall},
    edition = {4}
}